/home/fen/.zotero/zotero.bib